<record><leader>00000cas a22000007a 4500</leader><controlfield tag="001">14866326</controlfield><controlfield tag="008">861124d18751879paudn ne      0    0eng d</controlfield><datafield ind1=" " ind2=" " tag="010"><subfield code="a">sn 86082021 </subfield></datafield><datafield ind1=" " ind2=" " tag="040"><subfield code="a">NPH</subfield><subfield code="b">eng</subfield><subfield code="c">NPH</subfield><subfield code="d">NYS</subfield><subfield code="d">OCLCQ</subfield></datafield><datafield ind1=" " ind2=" " tag="042"><subfield code="a">msc</subfield></datafield><datafield ind1="0" ind2="0" tag="245"><subfield code="a">Bradford daily era.</subfield></datafield><datafield ind1=" " ind2=" " tag="260"><subfield code="a">Bradford, Pa. :</subfield><subfield code="b">Ferrin, Weber &amp; Persons,</subfield><subfield code="c">-1879.</subfield></datafield><datafield ind1=" " ind2=" " tag="300"><subfield code="a">v.</subfield></datafield><datafield ind1=" " ind2=" " tag="310"><subfield code="a">Daily (except Sun.)</subfield></datafield><datafield ind1="0" ind2=" " tag="362"><subfield code="a">-v. 2, no. 110 (Mar. 1, 1879) = -whole no. 418.</subfield></datafield><datafield ind1="1" ind2=" " tag="362"><subfield code="a">Began in Aug. 1875.</subfield><subfield code="z">Rossell, G. Pa. newspapers.</subfield></datafield><datafield ind1=" " ind2=" " tag="588"><subfield code="a">Description based on: Vol. 1, no. 58 (Jan. 7, 1878).</subfield></datafield><datafield ind1=" " ind2=" " tag="752"><subfield code="a">United States</subfield><subfield code="b">Pennsylvania</subfield><subfield code="c">McKean</subfield><subfield code="d">Bradford.</subfield></datafield><datafield ind1="0" ind2=" " tag="775"><subfield code="t">Bradford weekly era (Bradford, Pa. : 1878)</subfield><subfield code="w">(DLC)sn 94057500</subfield></datafield><datafield ind1="0" ind2="7" tag="785"><subfield code="t">Daily breeze (Bradford, Pa.)</subfield><subfield code="w">(DLC)sn 86082010</subfield></datafield><datafield ind1="0" ind2="7" tag="785"><subfield code="t">Era (Bradford, Pa.)</subfield><subfield code="w">(DLC)sn 86082022</subfield></datafield></record>